<?xml version="1.0" encoding="UTF-8"?><collection xmlns="http://www.loc.gov/MARC21/slim"><record><leader>00358nam--2200133-i-4500</leader><controlfield tag="001">000009138</controlfield><controlfield tag="002">20161230</controlfield><controlfield tag="005">20161230201028</controlfield><controlfield tag="008">060222s1000------------r-----000-0-eng-d</controlfield><datafield ind1=" " ind2=" " tag="080"><subfield code="a">541.128</subfield></datafield><datafield ind1=" " ind2=" " tag="245"><subfield code="a">Catlaysis reviews</subfield></datafield><datafield ind1=" " ind2=" " tag="260"><subfield code="a">New York, Marcel Dekker, Inc.,Edward Arnold (Publishers) Ltd., 1968. Vii + 333 P</subfield></datafield><datafield ind1=" " ind2=" " tag="700"><subfield code="a">Hainz Heinemann</subfield></datafield><datafield ind1=" " ind2=" " tag="852"><subfield code="a">31842</subfield></datafield></record></collection>